@techreport{boivie2013secureblue:big,
	author = {Boivie, Rick and Williams, Peter},
	title = {Secureblue++: Cpu support for secure executables},
	institution = {IBM},
	year = {2013},
}

@techreport{boiviesecureblue:small,
	author = {Boivie, Rick},
	title = {SecureBlue++: CPU Support for Secure Execution},
	institution = {IBM},
	year = {2012},
}

@techreport{costanintel,
	title = {Intel SGX explained},
	author = {Costan, Victor and Devadas, Srinivas},
	institution = {Cryptology ePrint Archive, Report 2016/086, 2016. https://eprint. iacr. org/2016/086},
	year = {2016},
}

@ARTICLE{davenport2014sgx,
	title = {SGX: the good, the bad and the downright ugly},
	author = {Davenport, Shaun and Ford, Richard},
	journal = {Virus Bulletin},
	year = {2014},
}

@techreport{shinde2015podarch,
	title = {Podarch: Protecting legacy applications with a purely hardware tcb},
	author = {Shinde, Shweta and Tople, Shruti and Kathayat, Deepak and Saxena, Prateek},
	year = {2015},
	institution = {Technical Report NUS-SL-TR-15-01, School of Computing, National University of Singapore},
}

@INPROCEEDINGS{beekman2016attestation,
	title = {Attestation Transparency: Building secure Internet services for legacy clients},
	author = {Beekman, Jethro G and Manferdelli, John L and Wagner, David},
	booktitle = {Proceedings of the 11th ACM on Asia Conference on Computer and Communications Security},
	pages = {687--698},
	year = {2016},
	organization = {ACM},
}

@Patent{secureblue:patent,
	author = {Richard Harold Boivie, Dimitrios Pendarakis},
	title = {PROTECTINGAPPLICATION PROGRAMS FROM MALICIOUS SOFTWARE OR MALWARE },
	year = {2011},
	month = {09},
	day = {06},
	number = {US 2013/0061058 A1},
	type = {Patent},
	version = {},
	location = {US},
	url = {https://patents.google.com/patent/US20130061058A1/en},
}

@misc{ibm:homelandsecurity,
	author = {Dimitrios Pendarakis},
	title = {Hardware Support for Malware Defense
	and End-to-End Trust},
	month = {10},
	year = {2012},
	day = {11},
	institution = {IBM T.J. Watson Research Center},
}

@ARTICLE{ibm_2006, 		
	title = {IBM Extends Enhanced Data Security to Consumer Electronics Products},
	url = {https://www-03.ibm.com/press/us/en/pressrelease/19527.wss}, 
	journal = {IBM Extends Enhanced Data Security to Consumer Electronics Products}, 
	year = {2006}, 
	month = {04,
}

@BOOK{checkoway2013iago,
	title = {Iago attacks: Why the system call api is a bad untrusted rpc interface},
	author = {Checkoway, Stephen and Shacham, Hovav},
	volume = {41},
	number = {1},
	year = {2013},
	publisher = {ACM},
}

@INPROCEEDINGS{evtyushkin2014iso,
	title = {Iso-x: A flexible architecture for hardware-managed isolated execution},
	author = {Evtyushkin, Dmitry and Elwell, Jesse and Ozsoy, Meltem and Ponomarev, Dmitry and Ghazaleh, Nael Abu and Riley, Ryan},
	booktitle = {2014 47th Annual IEEE/ACM International Symposium on Microarchitecture},
	pages = {190--202},
	year = {2014},
	organization = {IEEE},
}

@INPROCEEDINGS{mckeen2013innovative,
	title = {Innovative instructions and software model for isolated execution.},
	author = {McKeen, Frank and Alexandrovich, Ilya and Berenzon, Alex and Rozas, Carlos V and Shafi, Hisham and Shanbhogue, Vedvyas and Savagaonkar, Uday R},
	booktitle = {HASP@ ISCA},
	pages = {10},
	year = {2013},
}

@ARTICLE{poplak2013edward,
	title = {Edward Snowden Prism and the privacy we never had},
	author = {Poplak, R},
	journal = {Mail \& Guardian},
	volume = {12},
	year = {2013},
}