@techreport{boivie2013secureblue++:big,
	title={Secureblue++: Cpu support for secure executables},
	author={Boivie, Rick and Williams, Peter}
	year = {2013}
	institution={IBM}
}
@techreport{boiviesecureblue++:small,
	title={SecureBlue++: CPU Support for Secure Execution},
	author={Boivie, Rick}
	year = {2012}
	institution={IBM}
}
@techreport{costanintel,
	title={Intel sgx explained},
	author={Costan, Victor and Devadas, Srinivas},
	institution={Cryptology ePrint Archive, Report 2016/086, 2016. https://eprint. iacr. org/2016/086}
	year = {2016}
}
@article{davenport2014sgx,
	title={Sgx: the good, the bad and the downright ugly},
	author={Davenport, Shaun and Ford, Richard},
	journal={Virus Bulletin},
	year={2014}
}
@techreport{shinde2015podarch,
	title={Podarch: Protecting legacy applications with a purely hardware tcb},
	author={Shinde, Shweta and Tople, Shruti and Kathayat, Deepak and Saxena, Prateek},
	year={2015},
	institution={Technical Report NUS-SL-TR-15-01, School of Computing, National University of Singapore}
}
@inproceedings{beekman2016attestation,
	title={Attestation Transparency: Building secure Internet services for legacy clients},
	author={Beekman, Jethro G and Manferdelli, John L and Wagner, David},
	booktitle={Proceedings of the 11th ACM on Asia Conference on Computer and Communications Security},
	pages={687--698},
	year={2016},
	organization={ACM}
}
@Patent{secureblue++patent,
	author = {Richard Harold Boivie, Dimitrios Pendarakis},
	title = {PROTECTINGAPPLICATION PROGRAMS FROM MALICIOUS SOFTWARE OR MALWARE },
	year = {2011},
	month = {09},
	day = {06},
	number = {US 2013/0061058 A1},
	type = {Patent},
	version = {},
	location = {US},
	url = {https://patents.google.com/patent/US20130061058A1/en},
}
@misc{ibm:homelandsecurity,
	author        = {Dimitrios Pendarakis},
	title         	  = {Hardware Support for Malware Defense
	and End-to-End Trust},
	month         = {10},
	year          	= {2012},
	day 			= {11}
	institution={IBM T.J. Watson Research Center}
}

@article{ibm_2006, 		
	title={IBM Extends Enhanced Data Security to Consumer Electronics Products}, url={https://www-03.ibm.com/press/us/en/pressrelease/19527.wss}, 
	journal={IBM Extends Enhanced Data Security to Consumer Electronics Products}, year={2006}, 
	month={Apr}
}
@book{checkoway2013iago,
	title={Iago attacks: Why the system call api is a bad untrusted rpc interface},
	author={Checkoway, Stephen and Shacham, Hovav},
	volume={41},
	number={1},
	year={2013},
	publisher={ACM}
}

@inproceedings{evtyushkin2014iso,
	title={Iso-x: A flexible architecture for hardware-managed isolated execution},
	author={Evtyushkin, Dmitry and Elwell, Jesse and Ozsoy, Meltem and Ponomarev, Dmitry and Ghazaleh, Nael Abu and Riley, Ryan},
	booktitle={2014 47th Annual IEEE/ACM International Symposium on Microarchitecture},
	pages={190--202},
	year={2014},
	organization={IEEE}
}
@inproceedings{mckeen2013innovative,
	title={Innovative instructions and software model for isolated execution.},
	author={McKeen, Frank and Alexandrovich, Ilya and Berenzon, Alex and Rozas, Carlos V and Shafi, Hisham and Shanbhogue, Vedvyas and Savagaonkar, Uday R},
	booktitle={HASP@ ISCA},
	pages={10},
	year={2013}
}

@article{poplak2013edward,
	title={Edward Snowden Prism and the privacy we never had},
	author={Poplak, R},
	journal={Mail \& Guardian},
	volume={12},
	year={2013}
}

@online{NSA,
	author = {U.S. Government},
	title = {The seal of the U.S. National Security Agency},
	year = 1966,
	url = {http://images.google.de/imgres?imgurl=https://upload.wikimedia.org/wikipedia/commons/thumb/3/3f/Seal_of_the_United_States_National_Security_Agency.svg/2000px-Seal_of_the_United_States_National_Security_Agency.svg.png&imgrefurl=https://de.wikipedia.org/wiki/National_Security_Agency&h=2000&w=2000&tbnid=S4o472hXdFpuaM:&tbnh=151&tbnw=151&docid=LotNE7o7QpSaNM&itg=1&usg=__9u0vDia8hWv1NU4KBrSxgnvjrqI%3D&sa=X&ved=0ahUKEwjElL3muePQAhUGWhoKHVD9CvQQ_B0IhAEwDA},
	urldate = {2016-12-07}
}

@online{CC,
	author = {Sam Johnston},
	title = {Diagram showing overview of cloud computing},
	year = 2009,
	url = {https://commons.wikimedia.org/wiki/File:Cloud_computing.svg},
	urldate = {2016-12-07}
}

@online{ibm,
	author = {Paul Rand},
	title = {IBM Logo},
	year = 1972,
	url = {https://commons.wikimedia.org/wiki/File:IBM_logo.svg},
	urldate = {2016-12-07}
}

@online{intel,
	author = {Unbekannt},
	title = {IBM Logo},
	year = 2012,
	url = {https://de.wikipedia.org/wiki/Intel#/media/File:Intel-logo.svg},
	urldate = {2016-12-07}
}